%%%%%%% articles and systems

@article{bittorious,
  title={BitTorious volunteer: server-side extensions for centrally-managed volunteer storage in BitTorrent swarms},
  author={Lee, Preston V and Dinu, Valentin},
  journal={BMC bioinformatics},
  volume={16},
  number={1},
  pages={364},
  year={2015},
  publisher={BioMed Central}
}

@article{biotorrents,
  title={BioTorrents: a file sharing service for scientific data},
  author={Langille, Morgan GI and Eisen, Jonathan A},
  journal={PLoS One},
  volume={5},
  number={4},
  pages={e10071},
  year={2010},
  publisher={Public Library of Science}
}

@inproceedings{peerdb,
  title={PeerDB: A P2P-based system for distributed data sharing},
  author={Ng, Wee Siong and Ooi, Beng Chin and Tan, K-L and Zhou, Aoying},
  booktitle={Proceedings 19th International Conference on Data Engineering (Cat. No. 03CH37405)},
  pages={633--644},
  year={2003},
  organization={IEEE}
}


@article{seqtorr,
  title={SeqTorr: A distributed scalable database for genomic information},
  author={Dizon, Joshua and Morado, El King},
  journal={Philippine Genome Center}
}


@article{ncbibio,
  title={The NCBI biosystems database},
  author={Geer, Lewis Y and Marchler-Bauer, Aron and Geer, Renata C and Han, Lianyi and He, Jane and He, Siqian and Liu, Chunlei and Shi, Wenyao and Bryant, Stephen H},
  journal={Nucleic acids research},
  volume={38},
  number={suppl\_1},
  pages={D492--D496},
  year={2009},
  publisher={Oxford University Press}
}

@article{genap,
  title={GenAp: a distributed SQL interface for genomic data},
  author={Kozanitis, Christos and Patterson, David A},
  journal={BMC bioinformatics},
  volume={17},
  number={1},
  pages={63},
  year={2016},
  publisher={BioMed Central}
}

@article{daniel2002genomics,
  title={Genomics and proteomics: importance for the future of nutrition research},
  author={Daniel, H},
  journal={British Journal of Nutrition},
  volume={87},
  number={S2},
  pages={S305--S311},
  year={2002},
  publisher={Cambridge University Press}
}

@article{bon_compression,
  title={Compression of FASTQ and SAM format sequencing data},
  author={Bonfield, James K and Mahoney, Matthew V},
  journal={PloS one},
  volume={8},
  number={3},
  pages={e59190},
  year={2013},
  publisher={Public Library of Science}
}

@article{centralizedvsdistributed,
    title={Centralized vs.Distributed Databases. Case Study},
    author={Iacob, Nicoleta Magdalena and Moise, Mirela Liliana},
    journal={Academic Journal of Economic Studies},
    volume={1},
    number={4},
    year={2015}
}

@article{gilbert2012perspectives,
  title={Perspectives on the CAP Theorem},
  author={Gilbert, Seth and Lynch, Nancy},
  journal={Computer},
  volume={45},
  number={2},
  pages={30--36},
  year={2012},
  publisher={IEEE}
}

%%%%% Websites

@misc{genomics-definition, 
    title={A Brief Guide to Genomics},    
    url={https://www.genome.gov/about-genomics/fact-sheets/A-Brief-Guide-to-Genomics},
    journal={Genome.gov}, 
    publisher={National Human Genome Research Institute},
    keywords  = "genome,definition"
}

@misc{genomics-cost, 
    title={DNA Sequencing Costs: Data},    
    url={https://www.genome.gov/about-genomics/fact-sheets/DNA-Sequencing-Costs-Data},
    author={Wetterstrand KA},
    journal={Genome.gov}, 
    publisher={NHGRI Genome Sequencing Program (GSP) },
    keywords  = "genome,cost"
}

@misc{dat,
title={What is Dat? Â· Dat Docs}, url={https://docs.datproject.org/docs/intro}, journal={Dat Docs}, 
publisher={Dat Project}, 
author={Faaborg, Kevin}, 
year={2019}, 
month={Oct}}

%%%%% Books

@Book{ campbell,
author = { Reece, Jane B., and Meyers, Noel, and Urry, Lisa A., and Cain, Michael L., and Wasserman, Steven A., and Minorsky, Peter V., and Jackson, Robert B., and Cooke, Bernard J., and Campbell, Neil A., },
title = { Campbell biology / Jane B. Reece, Noel Meyers, Lisa A. Urry, Michael L. Cain, Steven A. Wasserman, Peter V. Minorsky, Robert B. Jackson, Bernard Cooke },
edition = { Tenth edition. Australian and New Zealand version. },
isbn = { 9781486007042 },
publisher = { Pearson Frenchs Forest, NSW },
pages = { xliv, 1315, A-49, B-1, C-1, D-1, E-2, F-3, CR-10, G-37, I-54 pages : },
year = { 2015 2015 },
type = { Book },
language = { English },
subjects = { Biology.; Biology -- Problems, exercises, etc.; Biology -- Textbooks. },
life-dates = { 2014 - 2015 },
catalogue-url = { https://nla.gov.au/nla.cat-vn6539570 },
}


@book{Silberschatz2010,
  added-at = {2010-07-18T14:00:17.000+0200},
  address = {New York},
  author = {Silberschatz, Abraham and Korth, Henry F. and Sudarshan, S.},
  biburl = {https://www.bibsonomy.org/bibtex/2f918632bd9810e92303843bba065d27d/voj},
  edition = 6,
  interhash = {f7b2016b63d72e5cfd3bc55af1deedbb},
  intrahash = {f918632bd9810e92303843bba065d27d},
  keywords = {databases textbook},
  publisher = {McGraw-Hill},
  timestamp = {2010-07-18T14:00:17.000+0200},
  title = {Database system concepts},
  url = {http://www.db-book.com/},
  year = 2010
}

@book{introgenomics,
 author = {Lesk, Arthur},
 title = {Introduction to Genomics},
 year = {2017},
 isbn = {0198754833, 9780198754831},
 edition = {3rd},
 publisher = {Oxford University Press, Inc.},
 address = {New York, NY, USA},
} 

@book{kurose,
  added-at = {2010-02-04T15:36:38.000+0100},
  address = {USA},
  author = {Kurose, James F. and Ross, Keith W.},
  biburl = {https://www.bibsonomy.org/bibtex/2dbdb2b09c92e570de0e3ae3a3d6eb6b4/lysander07},
  description = {Computer Networking},
  edition = {5th},
  interhash = {bb096c0cd46e1cad21b47ba08899d310},
  intrahash = {dbdb2b09c92e570de0e3ae3a3d6eb6b4},
  isbn = {0136079679, 9780136079675},
  keywords = {internet networking www02 wwwbook wwwkap4},
  publisher = {Addison-Wesley Publishing Company},
  timestamp = {2010-02-04T15:36:38.000+0100},
  title = {Computer Networking: A Top-Down Approach},
  year = 2009
}


@book{alberts_mole,
 Author = {Bruce Alberts},
 title = {Molecular Biology of the Cell},
 description = {Molecular Biology of the Cell (Book, 2014)},
 publisher = {Garland Science},
 interhash = {3a45f1541c34b6870f0da93df0ae6d9d},
 intrahash = {ad74472703270cbe159cc598a17ed0bb},
 year = {2014},
 month = {nov},
 url = {https://www.xarg.org/ref/a/B00PWDH4RW/}
}

@book{ency_sci_tech,
  title={McGraw-Hill Encyclopedia of Science \& Technology},
  author={McGraw-Hill Companies},
  number={v. 7},
  isbn={9780070792920},
  lccn={86027422},
  series={McGraw-Hill Encyclopedia of Science \& Technology},
  url={https://books.google.com.ph/books?id=h67aAAAAMAAJ},
  year={1987},
  publisher={McGraw-Hill}
}

@book{hartl2018,
 Author = {Daniel L. Hartl},
 title = {Essential Genetics and Genomics},
 description = {Essential Genetics and Genomics (Book, 2018)},
 publisher = {Jones and Bartlett Learning},
 interhash = {4a358e0eea2701bfa3b6cfcc98d30cbb},
 intrahash = {09460abc29bd7d2f70ebd9b4b7d0cdd0},
 year = {2018},
 month = {nov},
 isbn = {1284152456},
 url = {https://www.xarg.org/ref/a/1284152456/}
}
@book{paulselzer2018,
 Author = {Paul M. Selzer},
 title = {Applied Bioinformatics: An Introduction},
 description = {Applied Bioinformatics: An Introduction (Book, 2018)},
 publisher = {Springer},
 interhash = {57075a9685a52f91779dc8e7d486e373},
 intrahash = {fc54ebded85659094f0ec60c3303e11e},
 year = {2018},
 month = {may},
 isbn = {3319682997},
 url = {https://www.xarg.org/ref/a/3319682997/}
}

@book{xuhuaxia2018,
 Author = {Xuhua Xia},
 title = {Bioinformatics and the Cell: Modern Computational Approaches in Genomics, Proteomics and Transcriptomics},
 description = {Bioinformatics and the Cell: Modern Computational Approaches in Genomics, Proteomics and Transcriptomics (Book, 2018)},
 publisher = {Springer},
 interhash = {e21872356f03ff061db8eb0d9b51b406},
 intrahash = {2386f51a05b73f5ab568e0be287c6bb3},
 year = {2018},
 month = {jul},
 isbn = {3319906828},
 url = {https://www.xarg.org/ref/a/B07FJMQ3DJ/}
}

@book{arnoldthackray2015,
 Author = {Arnold Thackray},
 title = {Moore's Law: The Life of Gordon Moore, Silicon Valley's Quiet Revolutionary},
 description = {Moore's Law: The Life of Gordon Moore, Silicon Valley's Quiet Revolutionary (Book, 2015)},
 publisher = {Basic Books},
 interhash = {299bdd2f6792d9e235a4d16b708c3035},
 intrahash = {7ad7508ea67d5fe3590d2ebd7d5dfd5b},
 year = {2015},
 month = {may},
 isbn = {0465055648},
 url = {https://www.xarg.org/ref/a/0465055648/}
}